@article{tang2024statistical,
  title={A Statistical Study Based on the Top 50 Blockchain Companies Analyzing the Current Development of Blockchain Applications},
  author={Tang, Yuchen},
  journal={Highlights in Business, Economics and Management},
  volume={24},
  pages={622--629},
  year={2024}
}

@article{nguyen2024generative,
  title={Generative AI-enabled Blockchain Networks: Fundamentals, Applications, and Case Study},
  author={Nguyen, Cong T and Liu, Yinqiu and Du, Hongyang and Hoang, Dinh Thai and Niyato, Dusit and Nguyen, Diep N and Mao, Shiwen},
  journal={arXiv preprint arXiv:2401.15625},
  year={2024}
}


@inproceedings{gunawan2024review,
  title={A review of data security of blockchain applications in social media},
  author={Gunawan, Ali and Richard, Richard and Chang, Sinclair Claus and Shilvi, Shilvi},
  booktitle={AIP Conference Proceedings},
  volume={3026},
  number={1},
  year={2024},
  organization={AIP Publishing}
}

@article{baralla2023waste,
  title={Waste management: A comprehensive state of the art about the rise of blockchain technology},
  author={Baralla, Gavina and Pinna, Andrea and Tonelli, Roberto and Marchesi, Michele},
  journal={Computers in Industry},
  volume={145},
  pages={103812},
  year={2023},
  publisher={Elsevier}
}

@inproceedings{mohd2023voting,
  title={E-Voting Blockchain: Enhancing The Security And Transparency Of Digital Voting},
  author={Mohd, Siti Fatimah Az Zahra Binti and Su, Goh Eg and Zakaria, Noor Hidayah and others},
  booktitle={2023 3rd International Conference on Intelligent Cybernetics Technology \& Applications (ICICyTA)},
  pages={369--374},
  year={2023},
  organization={IEEE}
}

@article{bulkowska2023implementation,
  title={Implementation of Blockchain Technology in Waste Management},
  author={Bu{\l}kowska, Katarzyna and Zieli{\'n}ska, Magdalena and Bu{\l}kowski, Maciej},
  journal={Energies},
  volume={16},
  number={23},
  pages={7742},
  year={2023},
  publisher={MDPI}
}

@article{alnuaimi2023blockchain,
  title={Blockchain-based system for tracking and rewarding recyclable plastic waste},
  author={Alnuaimi, Eiman and Alsafi, Mariam and Alshehhi, Maitha and Debe, Mazin and Salah, Khaled and Yaqoob, Ibrar and Zemerly, M Jamal and Jayaraman, Raja},
  journal={Peer-to-Peer Networking and Applications},
  volume={16},
  number={1},
  pages={328--346},
  year={2023},
  publisher={Springer}
}

@article{castiglione2023framework,
  title={A framework for achieving a circular economy using the blockchain technology in a sustainable waste management system},
  author={Castiglione, Aniello and Cimmino, Lucia and Di Nardo, Mario and Murino, Teresa},
  journal={Computers \& Industrial Engineering},
  volume={180},
  pages={109263},
  year={2023},
  publisher={Elsevier}
}

@article{ahmed2024innovative,
  title={Innovative Approaches To Sustainable Supply Chain Management In The Manufacturing Industry: A Systematic Literature Review},
  author={Ahmed, Hasib and Al Bashar, Mahboob and Taher, Md Abu and Rahman, Md Ashiqur},
  journal={Global Mainstream Journal of Innovation, Engineering \& Emerging Technology},
  volume={3},
  number={02},
  pages={01--13},
  year={2024}
}

@article{BISWAS2023128,
title = {Traceability vs. sustainability in supply chains: The implications of blockchain},
journal = {European Journal of Operational Research},
volume = {305},
number = {1},
pages = {128-147},
year = {2023},
issn = {0377-2217},
doi = {https://doi.org/10.1016/j.ejor.2022.05.034},
url = {https://www.sciencedirect.com/science/article/pii/S0377221722004076},
author = {Debajyoti Biswas and Hamed Jalali and Amir H. Ansaripoor and Pietro {De Giovanni}},
keywords = {Quality management, Blockchain, Supply chain, Sustainability, Game theory},
}

@article{alnuaimi2023blockchain,
  title={Blockchain-based system for tracking and rewarding recyclable plastic waste},
  author={Alnuaimi, Eiman and Alsafi, Mariam and Alshehhi, Maitha and Debe, Mazin and Salah, Khaled and Yaqoob, Ibrar and Zemerly, M Jamal and Jayaraman, Raja},
  journal={Peer-to-Peer Networking and Applications},
  volume={16},
  number={1},
  pages={328--346},
  year={2023},
  publisher={Springer}
}

// Blockchain glossary

@article{rennock2018blockchain,
  title={Blockchain technology and regulatory investigations},
  author={Rennock, Michael JW and Cohn, Alan and Butcher, Jared R},
  journal={Practical Law Litigation},
  volume={1},
  pages={35--44},
  year={2018}
}

@inproceedings{diaz2022protocolos,
  title={Protocolos de consenso},
  author={D{\'\i}az, Francisco Javier and Tugnarelli, M{\'o}nica Diana and Fornaroli, Mauro F},
  booktitle={XXIV Workshop de Investigadores en Ciencias de la Computaci{\'o}n (WICC 2022, Mendoza)},
  year={2022}
}

// Introduction: motivation

@article{pelegri2021ipcc,
  title={Informe IPCC: Certezas e incertidumbres sobre el cambio clim{\'a}tico},
  author={Pelegr{\'\i}, Josep Llu{\'\i}s},
  year={2021}
}

@article{reyes2022ipcc,
  title={Sexto informe de evaluaci{\'o}n del IPCC: cambio clim{\'a}tico 2022 (impactos, adaptaci{\'o}n y vulnerabilidad)},
  author={Reyes, Vivian Roc{\'\i}o Olarte and Arenas, Mar{\'\i}a Ang{\'e}lica and others},
  year={2022},
  publisher={Unidad Nacional para la Gesti{\'o}n del Riesgo de Desastres, Reducci{\'o}n del Riesgo}
}

@article{dormido2022cambio,
  title={El cambio clim{\'a}tico y la sostenibilidad del crecimiento: iniciativas internacionales y pol{\'\i}ticas europeas},
  author={Dormido, Leonor and Garrido, Isabel and L'Hotellerie-Fallois, Pilar and Santill{\'a}n Fraile, Javier},
  journal={Documentos Ocasionales/Banco de Espa{\~n}a, 2213},
  year={2022},
  publisher={Banco de Espa{\~n}a}
}

@book{IPCC2022,
  editor = {H.-O. Pörtner and D.C. Roberts and E.S. Poloczanska and K. Mintenbeck and M. Tignor and A. Alegría and M. Craig and S. Langsdorf and S. Löschke and V. Möller and A. Okem and B. Rama},
  title = {Climate Change 2022: Impacts, Adaptation, and Vulnerability. Contribution of Working Group II to the Sixth Assessment Report of the Intergovernmental Panel on Climate Change},
  year = {2022},
  publisher = {Cambridge University Press},
  note = {In Press}
}

@book{clima2022book,
  title={Clima},
  author={Arroyo, J. I. and Marchini, T. and González, F. and Ulla, T. and Arrieta, E. and Vera, C. and Sancisi, Á. and Aneise, A. J. and Feole, M. and Gutman, M. and Peire, M. and Renner, M. and Marque, F. and Borzone, D. and Tenembaum, G. and Eggel, M. L. and Bulnes, P. and Rodríguez, B. and Garrido, J. M. and González, P. and Sendra, G. and Balian, J. C. and Kakefuku Del Solar, B.},
  year={2022},
  publisher={El gato y la caja}
}

// Economía circular

@article{melendez2021economia,
  title={Econom{\'\i}a Circular: Una Revisi{\'o}n desde los Modelos de Negocios y la Responsabilidad Social Empresarial},
  author={Melendez, Jesus R and Delgado, Jorge Luis and Chero, V{\'\i}ctor and Rodr{\'\i}guez, John Franco},
  journal={Revista Venezolana de Gerencia: RVG},
  volume={26},
  number={6},
  pages={560--573},
  year={2021},
  publisher={Universidad del Zulia}
}

@article{da2022economia,
  title={La Econom{\'\i}a Circular como eje de desarrollo de los pa{\'\i}ses latinoamericanos},
  author={Da Costa Pimenta, Clayson Cosme},
  journal={Revista Econom{\'\i}a y Pol{\'\i}tica},
  number={35},
  pages={1--18},
  year={2022},
  publisher={Universidad de Cuenca}
}

// Technologies

@inproceedings{androulaki2018hyperledger,
  title={Hyperledger fabric: a distributed operating system for permissioned blockchains},
  author={Androulaki, Elli and Barger, Artem and Bortnikov, Vita and Cachin, Christian and Christidis, Konstantinos and De Caro, Angelo and Enyeart, David and Ferris, Christopher and Laventman, Gennady and Manevich, Yacov and others},
  booktitle={Proceedings of the thirteenth EuroSys conference},
  pages={1--15},
  year={2018}
}

@article{buterin2013ethereum,
  title={Ethereum white paper},
  author={Buterin, Vitalik and others},
  journal={GitHub repository},
  volume={1},
  pages={22--23},
  year={2013}
}

@article{wood2016polkadot,
  title={Polkadot: Vision for a heterogeneous multi-chain framework},
  author={Wood, Gavin},
  journal={White paper},
  volume={21},
  number={2327},
  pages={4662},
  year={2016}
}

@article{hoskinson2017we,
  title={Why we are building Cardano},
  author={Hoskinson, Charles},
  journal={IOHK (accessed 18 December 2017) https://whycardano. com},
  year={2017}
}

@inproceedings{she2022vechain,
  title={Vechain: A renovation of supply chain management—A look into its organization, current activity, and prospect},
  author={She, Zongda},
  booktitle={Proceedings of the 2022 International Conference on Educational Informatization, E-commerce and Information System, Macao, China},
  pages={29--30},
  year={2022}
}

// Programming languages

@book{dannen2017introducing,
  title={Introducing Ethereum and solidity},
  author={Dannen, Chris},
  volume={1},
  year={2017},
  publisher={Springer}
}

@misc{chakravarty2019functional,
  title={Functional blockchain contracts},
  author={Chakravarty, Manuel and Kireev, Roman and MacKenzie, Kenneth and McHale, Vanessa and M{\"u}ller, Jann and Nemish, Alexander and Nester, Chad and Jones, Michael Peyton and Thompson, Simon and Valentine, Rebecca and others},
  year={2019},
  publisher={Technical report, IOHK}
}


// TODO: complete pending references 

@article{pending,
  title={Pending To Do},
  author={Nobody},
  year={2024}
}
